<record><leader>00000cas a22000007a 4500</leader><controlfield tag="001">17449153</controlfield><controlfield tag="008">880208d18991946iaudn ne      0    0eng d</controlfield><datafield ind1=" " ind2=" " tag="010"><subfield code="a">sn 88059396 </subfield></datafield><datafield ind1=" " ind2=" " tag="040"><subfield code="a">INP</subfield><subfield code="b">eng</subfield><subfield code="c">INP</subfield><subfield code="d">OCLCQ</subfield></datafield><datafield ind1=" " ind2=" " tag="042"><subfield code="a">msc</subfield></datafield><datafield ind1="0" ind2="0" tag="245"><subfield code="a">Cedar Falls daily record.</subfield></datafield><datafield ind1="1" ind2="3" tag="246"><subfield code="a">Cedar Falls record</subfield></datafield><datafield ind1=" " ind2=" " tag="260"><subfield code="a">Cedar Falls, Iowa :</subfield><subfield code="b">L.E. Bladine,</subfield><subfield code="c">-1946.</subfield></datafield><datafield ind1=" " ind2=" " tag="300"><subfield code="a">v.</subfield></datafield><datafield ind1=" " ind2=" " tag="310"><subfield code="a">Daily (except Sunday)</subfield></datafield><datafield ind1="1" ind2=" " tag="362"><subfield code="a">Began in 1899.</subfield></datafield><datafield ind1="0" ind2=" " tag="362"><subfield code="a">-v. 44, no. 32 (Feb. 6, 1946).</subfield></datafield><datafield ind1=" " ind2=" " tag="500"><subfield code="a">Publisher varies.</subfield></datafield><datafield ind1=" " ind2=" " tag="588"><subfield code="a">Description based on: Vol. 22, no. 123 (June 1, 1922).</subfield></datafield><datafield ind1=" " ind2=" " tag="752"><subfield code="a">United States</subfield><subfield code="b">Iowa</subfield><subfield code="c">Black Hawk</subfield><subfield code="d">Cedar Falls.</subfield></datafield><datafield ind1="0" ind2=" " tag="775"><subfield code="t">Cedar Falls record (Cedar Falls, Iowa : 1899)</subfield><subfield code="w">(DLC)sn 87058268</subfield></datafield><datafield ind1="0" ind2="0" tag="785"><subfield code="t">Daily record (Cedar Falls, Iowa)</subfield><subfield code="w">(DLC)sn 88059321</subfield></datafield></record>